@article{py-pde,
    Author = {David Zwicker},
    Doi = {10.21105/joss.02158},
    Journal = {Journal of Open Source Software},
    Number = {48},
    Pages = {2158},
    Publisher = {The Open Journal},
    Title = {py-pde: A Python package for solving partial differential equations},
    Url = {https://doi.org/10.21105/joss.02158},
    Volume = {5},
    Year = {2020}
}

@software{Ohad_Relation_Between_Biomass_2023,
author = {Ohad, Yotam},
month = jun,
title = {{Relation Between Biomass Patterns and Water Flux}},
url = {https://github.com/yohad/water-connectivity},
version = {1.0.0},
year = {2023}
}


@ARTICLE{2020PhRvR...2b3068B,
       author = {{Burns}, Keaton J. and {Vasil}, Geoffrey M. and {Oishi}, Jeffrey S. and {Lecoanet}, Daniel and {Brown}, Benjamin P.},
        title = "{Dedalus: A flexible framework for numerical simulations with spectral methods}",
      journal = {Physical Review Research},
     keywords = {Astrophysics - Instrumentation and Methods for Astrophysics, Physics - Computational Physics, Physics - Fluid Dynamics},
         year = 2020,
        month = apr,
       volume = {2},
       number = {2},
          eid = {023068},
        pages = {023068},
          doi = {10.1103/PhysRevResearch.2.023068},
archivePrefix = {arXiv},
       eprint = {1905.10388},
 primaryClass = {astro-ph.IM},
       adsurl = {https://ui.adsabs.harvard.edu/abs/2020PhRvR...2b3068B},
      adsnote = {Provided by the SAO/NASA Astrophysics Data System}
}

